@article{a,
title = {Echocardiographic image segmentation using deep Res-U network},
journal = {Biomedical Signal Processing and Control},
volume = {64},
pages = {102248},
year = {2021},
issn = {1746-8094},
url = {https://www.sciencedirect.com/science/article/pii/S1746809420303761},
author = {Yasser Ali, Farrokh Janabi-Sharifi, and Soosan Beheshti},
}


@article{b,
  title={Convolution in convolution for network in network},
  author={Pang, Yanwei and Sun, Manli and Jiang, Xiaoheng and Li, Xuelong},
  journal={IEEE transactions on neural networks and learning systems},
  volume={29},
  number={5},
  pages={1587--1597},
  year={2017},
  publisher={IEEE}
}

@article{c,
  title={An introduction to convolutional neural networks},
  author={O'Shea, Keiron and Nash, Ryan},
  journal={arXiv preprint arXiv:1511.08458},
  year={2015}
}

@article{dice,
  title={Optimization for medical image segmentation: theory and practice when evaluating with dice score or jaccard index},
  author={Eelbode, Tom and Bertels, Jeroen and Berman, Maxim and Vandermeulen, Dirk and Maes, Frederik and Bisschops, Raf and Blaschko, Matthew B},
  journal={IEEE Transactions on Medical Imaging},
  volume={39},
  number={11},
  pages={3679--3690},
  year={2020},
  publisher={IEEE}
}

@misc{cita,
  title = {Focused Cardiac Ultrasonography for Right Ventricular Size and Systolic Function},
  author = {Gabriel Prada et al.},
  year = {2022},
  url = {https://www.nejm.org/doi/full/10.1056/NEJMvcm2004089},
  note = {23 Noviembre}
}

@article{echo,
    title = {Echo-Net Dynamic, A Large New Cardiac Motion Video Data Resource for Medical Machine Learning},
    author = {David Ouyang et al.},
    year = {2020},
    url = {https://echonet.github.io/dynamic/index.html#paper},
    note = {Affiliated with Stanford University}
}

@article{augmentation,
  title={Smart augmentation learning an optimal data augmentation strategy},
  author={Lemley, Joseph and Bazrafkan, Shabab and Corcoran, Peter},
  journal={Ieee Access},
  volume={5},
  pages={5858--5869},
  year={2017},
  publisher={IEEE}
}

@article{nn,
  title={Deep Learning in Neural Networks: An Overview},
  author={Juergen Schmidhuber},
  journal={Neural Networks},
  volume={61},
  pages={4},
  year={2015},
  publisher={ArXiv}
}

@article{unet,
  title={U-Net: Convolutional Networks for Biomedical Image Segmentation},
  author={Olaf Ronneberger et al.},
  journal={LNIP},
  volume={9351},
  pages={1--4},
  year={2015},
  publisher={MICCAI}
}